{
  "leader": "00956cam a22003011i 4500",
  "fields": [
    {
      "001": "ocm14751420\\"
    },
    {
      "003": "OCoLC"
    },
    {
      "005": "20211117033636.0"
    },
    {
      "008": "810815s1932\\\\\\\\nyu\\\\\\\\\\\\\\\\\\\\\\000\\0\\eng\\\\"
    },
    {
      "040": {
        "ind1": "\\",
        "ind2": "\\",
        "subfields": [
          {
            "a": "NLM"
          },
          {
            "b": "eng"
          },
          {
            "c": "NLM"
          },
          {
            "d": "OCLCQ"
          }
        ]
      }
    },
    {
      "016": {
        "ind1": "7",
        "ind2": "\\",
        "subfields": [
          {
            "a": "31910670R"
          },
          {
            "2": "DNLM"
          }
        ]
      }
    },
    {
      "035": {
        "ind1": "\\",
        "ind2": "\\",
        "subfields": [
          {
            "a": "(OCoLC)14751420"
          }
        ]
      }
    },
    {
      "060": {
        "ind1": "0",
        "ind2": "0",
        "subfields": [
          {
            "a": "WB 15"
          },
          {
            "b": "N277s 1932"
          }
        ]
      }
    },
    {
      "082": {
        "ind1": "0",
        "ind2": "4",
        "subfields": [
          {
            "a": "616.01"
          },
          {
            "b": "NAT"
          }
        ]
      }
    },
    {
      "049": {
        "ind1": "\\",
        "ind2": "\\",
        "subfields": [
          {
            "a": "NYRV"
          }
        ]
      }
    },
    {
      "110": {
        "ind1": "2",
        "ind2": "\\",
        "subfields": [
          {
            "a": "National Conference on Nomenclature of Disease."
          }
        ]
      }
    },
    {
      "245": {
        "ind1": "1",
        "ind2": "2",
        "subfields": [
          {
            "a": "A standard classified nomenclature of disease /"
          },
          {
            "c": "compiled by The National Conference on Nomenclature of Disease ; edited by H.B. Logie."
          }
        ]
      }
    },
    {
      "246": {
        "ind1": "3",
        "ind2": "\\",
        "subfields": [
          {
            "a": "Nomenclature of disease"
          }
        ]
      }
    },
    {
      "250": {
        "ind1": "\\",
        "ind2": "\\",
        "subfields": [
          {
            "a": "Preliminary print."
          }
        ]
      }
    },
    {
      "260": {
        "ind1": "\\",
        "ind2": "\\",
        "subfields": [
          {
            "a": "New York :"
          },
          {
            "b": "Commonwealth Fund,"
          },
          {
            "c": "1932."
          }
        ]
      }
    },
    {
      "300": {
        "ind1": "\\",
        "ind2": "\\",
        "subfields": [
          {
            "a": "653 pages ;"
          },
          {
            "c": "21 cm"
          }
        ]
      }
    },
    {
      "336": {
        "ind1": "\\",
        "ind2": "\\",
        "subfields": [
          {
            "a": "text"
          },
          {
            "b": "txt"
          },
          {
            "2": "rdacontent"
          }
        ]
      }
    },
    {
      "337": {
        "ind1": "\\",
        "ind2": "\\",
        "subfields": [
          {
            "a": "unmediated"
          },
          {
            "b": "n"
          },
          {
            "2": "rdamedia"
          }
        ]
      }
    },
    {
      "338": {
        "ind1": "\\",
        "ind2": "\\",
        "subfields": [
          {
            "a": "volume"
          },
          {
            "b": "nc"
          },
          {
            "2": "rdacarrier"
          }
        ]
      }
    },
    {
      "650": {
        "ind1": "\\",
        "ind2": "0",
        "subfields": [
          {
            "a": "Nosology."
          }
        ]
      }
    },
    {
      "700": {
        "ind1": "1",
        "ind2": "\\",
        "subfields": [
          {
            "a": "Logie, Henry Burton,"
          },
          {
            "d": "1883-"
          }
        ]
      }
    },
    {
      "999": {
        "ind1": "\\",
        "ind2": "\\",
        "subfields": [
          {
            "a": "No barcode."
          }
        ]
      }
    },
    {
      "994": {
        "ind1": "\\",
        "ind2": "\\",
        "subfields": [
          {
            "a": "C0"
          },
          {
            "b": "NYRVC"
          }
        ]
      }
    }
  ]
}